@ARTICLE{Esposito,
	author = {M. Esposito, U. Harbola and S. Mukamel},
	journal = {Rev. Mod. Phys.},
	year = {2009},
	volume = {81},
	pages = {1665}
}

@ARTICLE{Campisi,
	author = {M. Campisi, P. H\"{a}nggi and P. Talkner},
	journal = {Rev. Mod. Phys.},
	year = {2011},
	volume = {83},
	pages = {771}
}

@ARTICLE{PRX_Jarzynski,
	author = {C. Jarzynski, H. T. Quan and S. Rahav},
	journal = {Phys. Rev. X},
	year = {2015},
	volume = {5},
	pages = {031038}
}

@BOOK{Marcuse,
	title = {Light Transmission Optics},
	publisher = {Van Nostrand Reinhold Company},
	author = {D. Marcuse},
	year = {1982},
}

@ARTICLE{Mauro,
	author = {L. Mazzola, G. D. Chiara and M. Paternostro},
	journal = {Phys. Rev. Lett.},
	year = {2013},
	volume = {110},
	pages = {230602}
}

@ARTICLE{Vlatko,
	author = {R. Dorner, S. R. Clark, L. Heaney, R. Fazio, J. Goold and V. Vedral},
	journal = {Phys. Rev. Lett.},
	year = {2013},
	volume = {110},
	pages = {230601}
}