%%%%%%%%%%%%%%%%%%%%%%%%%%%%%%%%%%%%%%%%%%%%%%%
%    ARTICLES
%%%%%%%%%%%%%%%%%%%%%%%%%%%%%%%%%%%%%%%%%%%%%%%
@article{granger2011thermodynamic,
  title={Thermodynamic cost of measurements},
  author={Granger, L{\'e}o and Kantz, Holger},
  journal={Physical Review E},
  volume={84},
  number={6},
  pages={061110},
  year={2011},
  publisher={APS}
}

%%%%%%%%%%%%%%%%%%%%%%%%%%%%%%%%%%%%%%%%%%%%%%%
%    BOOKS
%%%%%%%%%%%%%%%%%%%%%%%%%%%%%%%%%%%%%%%%%%%%%%%
@book{nelson1985quantum,
  title={Quantum fluctuations},
  author={Nelson, Edward},
  year={1985},
  publisher={Princeton University Press}
}

